@book{jjmurphy1999,
  author    = {John J. Murphy},
  title     = {Technical Analysis of the Financial Marketets: A Comprehensive Guide to Trading Methods and Applications},
  publisher = {New York Institute of Fiance},
  year      = {1999}
}

@book{aima,
  author    = {Stuart Russell and Peter Norvig},
  title     = {Artificial Intelligence: A Modern Approach},
  publisher = {Pearson},
  year      = {2020},
  edition   = {4th}
}

@misc{hypertune,
  author = {Will Koehrsen},
  title  = {Hyperparameter Tuning the Random Forest in Python},
  year   = {2018},
  howpublished = {\url{https://towardsdatascience.com/hyperparameter-tuning-the-random-forest-in-python-using-scikit-learn-28d2aa77dd74/}},
  note   = {Accessed: 2025-07-12}
}

@misc{investopedia,
  title = {Investopedia financial term dictonary},
  author = {Investopedia},
  year = {2025},
  howpublished = {\url{https://www.investopedia.com/financial-term-dictionary-4769738}},
  note = {Accessed: 2025-05-15}
}


@misc{frazier2018,
      title={A Tutorial on Bayesian Optimization}, 
      author={Peter I. Frazier},
      year={2018},
      eprint={1807.02811},
      archivePrefix={arXiv},
      primaryClass={stat.ML},
      url={https://arxiv.org/abs/1807.02811}, 
}